@inproceedings{huston2014comparison,
  title={A comparison of retrieval models using term dependencies},
  author={Huston, Samuel and Croft, W Bruce},
  booktitle={Proceedings of the 23rd ACM International Conference on Conference on Information and Knowledge Management},
  pages={111--120},
  year={2014},
  organization={ACM}
}
@inproceedings{cronen2004framework,
  title={A framework for selective query expansion},
  author={Cronen-Townsend, Steve and Zhou, Yun and Croft, W Bruce},
  booktitle={Proceedings of the thirteenth ACM international conference on Information and knowledge management},
  pages={236--237},
  year={2004},
  organization={ACM}
}
@techreport{metzler2005direct,
author = {Donald Metzler and W. Bruce Croft and Andrew McCallum},
title = {Direct Maximization of Rank-Based Metrics for Information Retrieval},
year = {2005},
address = {University of Massachusetts},
type = {IR},
number = {429},
}
@inproceedings{rodden2001does,
  title={Does organisation by similarity assist image browsing?},
  author={Rodden, Kerry and Basalaj, Wojciech and Sinclair, David and Wood, Kenneth},
  booktitle={Proceedings of the SIGCHI conference on Human factors in computing systems},
  pages={190--197},
  year={2001},
  organization={ACM}
}
@inproceedings{pratt1999knowledge,
  title={A Knowledge-Based Approach to Organizing Retrieved Documents.},
  author={Pratt, Wanda and Hearst, Marti A and Fagan, Lawrence M},
  booktitle={AAAI/IAAI},
  pages={80--85},
  year={1999}
}
@article{hearst2006clustering,
  title={Clustering versus faceted categories for information exploration},
  author={Hearst, Marti A},
  journal={Communications of the ACM},
  volume={49},
  number={4},
  pages={59--61},
  year={2006},
  publisher={ACM}
}
@techreport{pollitt1998key,
  title={The key role of classification and indexing in view-based searching},
  author={Pollitt, A Steven},
  year={1998},
  institution={Citeseer}
}
@article{zamir1999grouper,
  title={Grouper: a dynamic clustering interface to Web search results},
  author={Zamir, Oren and Etzioni, Oren},
  journal={Computer Networks},
  volume={31},
  number={11},
  pages={1361--1374},
  year={1999},
  publisher={Elsevier}
}
@inproceedings{kaki2005findex,
  title={Findex: search result categories help users when document ranking fails},
  author={K{\"a}ki, Mika},
  booktitle={Proceedings of the SIGCHI conference on Human factors in computing systems},
  pages={131--140},
  year={2005},
  organization={ACM}
}
@inproceedings{cutting1992scatter,
  title={Scatter/gather: A cluster-based approach to browsing large document collections},
  author={Cutting, Douglass R and Karger, David R and Pedersen, Jan O and Tukey, John W},
  booktitle={Proceedings of the 15th annual international ACM SIGIR conference on Research and development in information retrieval},
  pages={318--329},
  year={1992},
  organization={ACM}
}
@inproceedings{wilson2009bridging,
       booktitle = {SIGCHI 2007 Workshop on Exploratory Search and HCI},
           title = {Bridging the Gap: Using IR Models for Evaluating Exploratory Search Interfaces},
          author = {Max L. Wilson and m.c. schraefel},
            year = {2007},
            note = { Event Dates: 28th April 2007},
        keywords = {HCI, Searching, Search, Exploratory, Exploratory Search, Theory, Evaluation, Comparison},
             url = {http://eprints.soton.ac.uk/263135/},
        abstract = {Exploratory Search Interfaces are being designed to support increasingly high-level search activities, such as comparison and aggregation. This position paper suggests that the history of research into user search behaviour may provide grounds for developing a combined model approach that evaluates features designed to support such exploratory search activities. }
}

@inproceedings{pirolli2000effect,
  title={The effect of information scent on searching information: visualizations of large tree structures},
  author={Pirolli, Peter and Card, Stuart K and Van Der Wege, Mija M},
  booktitle={Proceedings of the working conference on Advanced visual interfaces},
  pages={161--172},
  year={2000},
  organization={ACM}
}
@inproceedings{dakka2005automatic,
  title={Automatic construction of multifaceted browsing interfaces},
  author={Dakka, Wisam and Ipeirotis, Panagiotis G and Wood, Kenneth R},
  booktitle={Proceedings of the 14th ACM international conference on Information and knowledge management},
  pages={768--775},
  year={2005},
  organization={ACM}
}
@inproceedings{ben2008beyond,
  title={Beyond basic faceted search},
  author={Ben-Yitzhak, Ori and Golbandi, Nadav and Har'El, Nadav and Lempel, Ronny and Neumann, Andreas and Ofek-Koifman, Shila and Sheinwald, Dafna and Shekita, Eugene and Sznajder, Benjamin and Yogev, Sivan},
  booktitle={Proceedings of the 2008 International Conference on Web Search and Data Mining},
  pages={33--44},
  year={2008},
  organization={ACM}
}
@inproceedings{basu2008minimum,
  title={Minimum-effort driven dynamic faceted search in structured databases},
  author={Basu Roy, Senjuti and Wang, Haidong and Das, Gautam and Nambiar, Ullas and Mohania, Mukesh},
  booktitle={Proceedings of the 17th ACM conference on Information and knowledge management},
  pages={13--22},
  year={2008},
  organization={ACM}
}
@inproceedings{diao2010faceted,
  title={Faceted search and browsing of audio content on spoken web},
  author={Diao, Mamadou and Mukherjea, Sougata and Rajput, Nitendra and Srivastava, Kundan},
  booktitle={Proceedings of the 19th ACM international conference on Information and knowledge management},
  pages={1029--1038},
  year={2010},
  organization={ACM}
}
@inproceedings{yee2003faceted,
  title={Faceted metadata for image search and browsing},
  author={Yee, Ka-Ping and Swearingen, Kirsten and Li, Kevin and Hearst, Marti},
  booktitle={Proceedings of the SIGCHI conference on Human factors in computing systems},
  pages={401--408},
  year={2003},
  organization={ACM}
}
@inproceedings{lavrenko2001relevance,
  title={Relevance based language models},
  author={Lavrenko, Victor and Croft, W Bruce},
  booktitle={Proceedings of the 24th annual international ACM SIGIR conference on Research and development in information retrieval},
  pages={120--127},
  year={2001},
  organization={ACM}
}
@inproceedings{kules2009exploratory,
  title={What do exploratory searchers look at in a faceted search interface?},
  author={Kules, Bill and Capra, Robert and Banta, Matthew and Sierra, Tito},
  booktitle={Proceedings of the 9th ACM/IEEE-CS joint conference on Digital libraries},
  pages={313--322},
  year={2009},
  organization={ACM}
}
@inproceedings{snow2006semantic,
  title={Semantic taxonomy induction from heterogenous evidence},
  author={Snow, Rion and Jurafsky, Daniel and Ng, Andrew Y},
  booktitle={Proceedings of the 21st International Conference on Computational Linguistics and the 44th annual meeting of the Association for Computational Linguistics},
  pages={801--808},
  year={2006},
  organization={Association for Computational Linguistics}
}
@InProceedings{manning2014stanford,
  author    = {Manning, Christopher D. and  Surdeanu, Mihai  and  Bauer, John  and  Finkel, Jenny  and  Bethard, Steven J. and  McClosky, David},
  title     = {The {Stanford} {CoreNLP} Natural Language Processing Toolkit},
  booktitle = {Association for Computational Linguistics (ACL) System Demonstrations},
  year      = {2014},
  pages     = {55--60},
  url       = {http://www.aclweb.org/anthology/P/P14/P14-5010}
}
@inproceedings{shi2008pattern,
  title={Pattern-based semantic class discovery with multi-membership support},
  author={Shi, Shuming and Liu, Xiaokang and Wen, Ji-Rong},
  booktitle={Proceedings of the 17th ACM conference on Information and knowledge management},
  pages={1453--1454},
  year={2008},
  organization={ACM}
}
@inproceedings{kozareva2008semantic,
  title={Semantic Class Learning from the Web with Hyponym Pattern Linkage Graphs.},
  author={Kozareva, Zornitsa and Riloff, Ellen and Hovy, Eduard H},
  booktitle={ACL},
  volume={8},
  pages={1048--1056},
  year={2008}
}
@InProceedings{nan2012optimizing,
  author =    {Ye Nan and Kian Ming Chai and Wee Sun Lee and Hai Leong Chieu},
  title =     {Optimizing F-measure: A Tale of Two Approaches},
  booktitle = {Proceedings of the 29th International Conference on Machine Learning (ICML-12)},
  series =    {ICML '12},
  year =      {2012},
  editor =    {John Langford and Joelle Pineau},
  location =  {Edinburgh, Scotland, GB},
  isbn =      {978-1-4503-1285-1},
  month =     {July},
  publisher = {Omnipress},
  address =   {New York, NY, USA},
  pages=      {289--296},
}
@inproceedings{lewis1995evaluating,
  title={Evaluating and optimizing autonomous text classification systems},
  author={Lewis, David D},
  booktitle={Proceedings of the 18th annual international ACM SIGIR conference on Research and development in information retrieval},
  pages={246--254},
  year={1995},
  organization={ACM}
}
@article{liu2009learning,
  title={Learning to rank for information retrieval},
  author={Liu, Tie-Yan},
  journal={Foundations and Trends in Information Retrieval},
  volume={3},
  number={3},
  pages={225--331},
  year={2009},
  publisher={Now Publishers Inc.}
}
@article{salton1997improving,
  title={Improving retrieval performance by relevance feedback},
  author={Salton, Gerard},
  journal={Readings in information retrieval},
  volume={24},
  pages={5},
  year={1997}
}
@article{hu2015search,
  title={Search Result Diversification Based on Query Facets},
  author={Hu, Sha and Dou, Zhi-Cheng and Wang, Xiao-Jie and Wen, Ji-Rong},
  journal={Journal of Computer Science and Technology},
  volume={30},
  number={4},
  pages={888--901},
  year={2015},
  publisher={Springer}
}
@inproceedings{xu2008directly,
  title={Directly optimizing evaluation measures in learning to rank},
  author={Xu, Jun and Liu, Tie-Yan and Lu, Min and Li, Hang and Ma, Wei-Ying},
  booktitle={Proceedings of the 31st annual international ACM SIGIR conference on Research and development in information retrieval},
  pages={107--114},
  year={2008},
  organization={ACM}
}
@inproceedings{xu2007adarank,
  title={Adarank: a boosting algorithm for information retrieval},
  author={Xu, Jun and Li, Hang},
  booktitle={Proceedings of the 30th annual international ACM SIGIR conference on Research and development in information retrieval},
  pages={391--398},
  year={2007},
  organization={ACM}
}
@inproceedings{yue2007support,
  title={A support vector method for optimizing average precision},
  author={Yue, Yisong and Finley, Thomas and Radlinski, Filip and Joachims, Thorsten},
  booktitle={Proceedings of the 30th annual international ACM SIGIR conference on Research and development in information retrieval},
  pages={271--278},
  year={2007},
  organization={ACM}
}

@inproceedings{joachims2005support,
  title={A support vector method for multivariate performance measures},
  author={Joachims, Thorsten},
  booktitle={Proceedings of the 22nd international conference on Machine learning},
  pages={377--384},
  year={2005},
  organization={ACM}
}
@inproceedings{jansche2005maximum,
  title={Maximum expected F-measure training of logistic regression models},
  author={Jansche, Martin},
  booktitle={Proceedings of the conference on Human Language Technology and Empirical Methods in Natural Language Processing},
  pages={692--699},
  year={2005},
  organization={Association for Computational Linguistics}
}
@incollection{cossock2006subset,
  title={Subset ranking using regression},
  author={Cossock, David and Zhang, Tong},
  booktitle={Learning theory},
  pages={605--619},
  year={2006},
  publisher={Springer}
}
@article{quoc2007learning,
  title={Learning to rank with nonsmooth cost functions},
  author={Quoc, C and Le, Viet},
  journal={Proceedings of the Advances in Neural Information Processing Systems},
  volume={19},
  pages={193--200},
  year={2007}
}
@inproceedings{de2007combined,
  title={A combined component approach for finding collection-adapted ranking functions based on genetic programming},
  author={de Almeida, Humberto Mossri and Gon{\c{c}}alves, Marcos Andr{\'e} and Cristo, Marco and Calado, P{\'a}vel},
  booktitle={Proceedings of the 30th annual international ACM SIGIR conference on Research and development in information retrieval},
  pages={399--406},
  year={2007},
  organization={ACM}
}
@inproceedings{musicant2003optimizing,
  title={Optimizing F-Measure with Support Vector Machines.},
  author={Musicant, David R and Kumar, Vipin and Ozgur, Aysel and others},
  booktitle={FLAIRS Conference},
  pages={356--360},
  year={2003}
}
@inproceedings{ye2012optimizing,
  title={Optimizing F-measures: a tale of two approaches},
  author={Ye, Nan and Chai, Kian Ming A and Lee, Wee Sun and Chieu, Hai Leong},
  booktitle={Proceedings of the 29th International Conference on Machine Learning},
  year={2012}
}
@inproceedings{cronen2002predicting,
  title={Predicting query performance},
  author={Cronen-Townsend, Steve and Zhou, Yun and Croft, W Bruce},
  booktitle={Proceedings of the 25th annual international ACM SIGIR conference on Research and development in information retrieval},
  pages={299--306},
  year={2002},
  organization={ACM}
}
@inproceedings{tomlinson2004robust,
  title={Robust, web and terabyte retrieval with {H}ummingbird {S}earch{S}erver$^{TM}$ at {TREC} 2004},
  author={Tomlinson, Stephen},
  booktitle={Proceedings of TREC},
  year={2004},
  organization={Citeseer}
}
@inproceedings{zhou2006ranking,
  title={Ranking robustness: a novel framework to predict query performance},
  author={Zhou, Yun and Croft, W Bruce},
  booktitle={Proceedings of the 15th ACM international conference on Information and knowledge management},
  pages={567--574},
  year={2006},
  organization={ACM}
}
@inproceedings{balasubramanian2010predicting,
  title={Predicting query performance on the web},
  author={Balasubramanian, Niranjan and Kumaran, Giridhar and Carvalho, Vitor R},
  booktitle={Proceedings of the 33rd international ACM SIGIR conference on Research and development in information retrieval},
  pages={785--786},
  year={2010},
  organization={ACM}
}
@inproceedings{kwok2004trec,
  title={{TREC} 2004 Robust Track Experiments Using PIRCS.},
  author={Kwok, Kui-Lam and Grunfeld, Laszlo and Sun, HL and Deng, Peter and Dinstl, N},
  booktitle={TREC},
  year={2004},
  organization={Citeseer}
}
@inproceedings{yom2005learning,
  title={Learning to estimate query difficulty: including applications to missing content detection and distributed information retrieval},
  author={Yom-Tov, Elad and Fine, Shai and Carmel, David and Darlow, Adam},
  booktitle={Proceedings of the 28th annual international ACM SIGIR conference on Research and development in information retrieval},
  pages={512--519},
  year={2005},
  organization={ACM}
}
@inproceedings{amati2004query,
  title={Query difficulty, robustness, and selective application of query expansion},
  author={Amati, Giambattista and Carpineto, Claudio and Romano, Giovanni and Bordoni, Fondazione Ugo},
  booktitle={ECIR},
  volume={4},
  pages={127--137},
  year={2004},
  organization={Springer}
}
@book{van1979information,
  title={Information Retrieval},
  author={van Rijsbergen, C.J.},
  year={1979},
  publisher={Butterworth}
}
@book{fellbaum1998wordnet,
  title={{W}ord{N}et. An electronic lexical database},
  author={Fellbaum, Christiane},
  year={1998},
  publisher={MIT Press}
}
@article{barahona1982computational,
  title={On the computational complexity of Ising spin glass models},
  author={Barahona, Francisco},
  journal={Journal of Physics A: Mathematical and General},
  volume={15},
  number={10},
  pages={3241},
  year={1982},
  publisher={IOP Publishing}
}
@inproceedings{baeza2004query,
  title={Query recommendation using query logs in search engines},
  author={Baeza-Yates, Ricardo and Hurtado, Carlos and Mendoza, Marcelo},
  booktitle={Current Trends in Database Technology-EDBT 2004 Workshops},
  pages={588--596},
  year={2004},
  organization={Springer}
}
@inproceedings{cao2008context,
  title={Context-aware query suggestion by mining click-through and session data},
  author={Cao, Huanhuan and Jiang, Daxin and Pei, Jian and He, Qi and Liao, Zhen and Chen, Enhong and Li, Hang},
  booktitle={Proceedings of the 14th ACM SIGKDD international conference on Knowledge discovery and data mining},
  pages={875--883},
  year={2008},
  organization={ACM}
}
@article{shneiderman1994dynamic,
  title={Dynamic queries for visual information seeking},
  author={Shneiderman, Ben},
  journal={Software, IEEE},
  volume={11},
  number={6},
  pages={70--77},
  year={1994},
  publisher={IEEE}
}
@inproceedings{cutrell2006fast,
  title={Fast, flexible filtering with phlat},
  author={Cutrell, Edward and Robbins, Daniel and Dumais, Susan and Sarin, Raman},
  booktitle={Proceedings of the SIGCHI conference on Human Factors in computing systems},
  pages={261--270},
  year={2006},
  organization={ACM}
}
@book{ranganathan1950classification,
  title={Classification, coding and machinery for search},
  author={Ranganathan, Shiyali Ramamrita},
  year={1950},
  publisher={Unesco}
}

@book{sacco2009dynamic,
  title={Dynamic taxonomies and faceted search: theory, practice, and experience},
  author={Sacco, Giovanni Maria and Tzitzikas, Yannis},
  volume={25},
  year={2009},
  publisher={Springer Science \& Business Media}
}
@article{tunkelang2009faceted,
  title={Faceted search},
  author={Tunkelang, Daniel},
  journal={Synthesis lectures on information concepts, retrieval, and services},
  volume={1},
  number={1},
  pages={1--80},
  year={2009},
  publisher={Morgan \& Claypool Publishers}
}
@inproceedings{kong2013extracting,
  title={Extracting query facets from search results},
  author={Kong, Weize and Allan, James},
  booktitle={Proceedings of the 36th international ACM SIGIR conference on Research and development in information retrieval},
  pages={93--102},
  year={2013},
  organization={ACM}
}
@inproceedings{kong2014extending,
  title={Extending Faceted Search to the General Web},
  author={Kong, Weize and Allan, James},
  booktitle={Proceedings of the 23rd ACM International Conference on Conference on Information and Knowledge Management},
  pages={839--848},
  year={2014},
  organization={ACM}
}

@article{teevan2008challenges,
  title={Challenges for supporting faceted search in large, heterogeneous corpora like the web},
  author={Teevan, Jaime and Dumais, Susan T and Gutt, Zachary},
  journal={Proceedings of HCIR},
  volume={2008},
  pages={87},
  year={2008},
  publisher={Citeseer}
}

@inproceedings{dou2011finding,
  title={Finding dimensions for queries},
  author={Dou, Zhicheng and Hu, Sha and Luo, Yulong and Song, Ruihua and Wen, Ji-Rong},
  booktitle={Proceedings of the 20th ACM international conference on Information and knowledge management},
  pages={1311--1320},
  year={2011},
  organization={ACM}
}

@inproceedings{zhang2010interactive,
  title={Interactive retrieval based on faceted feedback},
  author={Zhang, Lanbo and Zhang, Yi},
  booktitle={Proceedings of the 33rd international ACM SIGIR conference on Research and development in information retrieval},
  pages={363--370},
  year={2010},
  organization={ACM}
}

@inproceedings{koren2008personalized,
  title={Personalized interactive faceted search},
  author={Koren, Jonathan and Zhang, Yi and Liu, Xue},
  booktitle={Proceedings of the 17th international conference on World Wide Web},
  pages={477--486},
  year={2008},
  organization={ACM}
}

@inproceedings{dakka2008automatic,
  title={Automatic extraction of useful facet hierarchies from text databases},
  author={Dakka, Wisam and Ipeirotis, Panagiotis G},
  booktitle={Data Engineering, 2008. ICDE 2008. IEEE 24th International Conference on},
  pages={466--475},
  year={2008},
  organization={IEEE}
}

@inproceedings{li2010facetedpedia,
  title={Facetedpedia: dynamic generation of query-dependent faceted interfaces for wikipedia},
  author={Li, Chengkai and Yan, Ning and Roy, Senjuti B and Lisham, Lekhendro and Das, Gautam},
  booktitle={Proceedings of the 19th international conference on World wide web},
  pages={651--660},
  year={2010},
  organization={ACM}
}

@inproceedings{stoica2007automating,
  title={Automating Creation of Hierarchical Faceted Metadata Structures},
  author={Stoica, Emilia and Hearst, Marti A},
  booktitle={Proceedings of NAACL-HLT},
  year={2007}
}

@incollection{oren2006extending,
  title={Extending faceted navigation for RDF data},
  author={Oren, Eyal and Delbru, Renaud and Decker, Stefan},
  booktitle={The Semantic Web-ISWC 2006},
  pages={559--572},
  year={2006},
  publisher={Springer}
}

@inproceedings{dash2008dynamic,
  title={Dynamic faceted search for discovery-driven analysis},
  author={Dash, Debabrata and Rao, Jun and Megiddo, Nimrod and Ailamaki, Anastasia and Lohman, Guy},
  booktitle={Proceedings of the 17th ACM conference on Information and knowledge management},
  pages={3--12},
  year={2008},
  organization={ACM}
}

@inproceedings{kohlschutter2006using,
  title={Using link analysis to identify aspects in faceted web search},
  author={Kohlsch{\"u}tter, Christian and Chirita, Paul-Alexandru and Nejdl, Wolfgang},
  booktitle={ACM SIGIR workshop on faceted search},
  pages={55--59},
  year={2006}
}

@inproceedings{latha2010afgf,
  title={{AFGF}: An automatic facet generation framework for document retrieval},
  author={Latha, K and Veni, K Rathna and Rajaram, R},
  booktitle={Advances in Computer Engineering (ACE), 2010 International Conference on},
  pages={110--114},
  year={2010},
  organization={IEEE}
}

@inproceedings{hearst2006design,
  title={Design recommendations for hierarchical faceted search interfaces},
  author={Hearst, Marti},
  booktitle={ACM SIGIR workshop on faceted search},
  pages={1--5},
  year={2006},
  organization={Seattle, WA}
}

@incollection{schuth2011evaluation,
  title={Evaluation methods for rankings of facetvalues for faceted search},
  author={Schuth, Anne and Marx, Maarten},
  booktitle={Multilingual and Multimodal Information Access Evaluation},
  pages={131--136},
  year={2011},
}

@inproceedings{kules2009exploratory,
  title={What do exploratory searchers look at in a faceted search interface?},
  author={Kules, Bill and Capra, Robert and Banta, Matthew and Sierra, Tito},
  booktitle={Proceedings of the 9th ACM/IEEE-CS joint conference on Digital libraries},
  pages={313--322},
  year={2009},
  organization={ACM}
}

@inproceedings{burke1996knowledge,
  title={Knowledge-based navigation of complex information spaces},
  author={Burke, Robin D and Hammond, Kristian J and Young, Benjamin C},
  booktitle={Proceedings of the National Conference on Artificial Intelligence},
  volume={462},
  pages={468},
  year={1996}
}

@inproceedings{english2002hierarchical,
  title={Hierarchical faceted metadata in site search interfaces},
  author={English, Jennifer and Hearst, Marti and Sinha, Rashmi and Swearingen, Kirsten and Yee, Ka-Ping},
  booktitle={CHI'02 Extended Abstracts on Human Factors in Computing Systems},
  pages={628--639},
  year={2002},
  organization={ACM}
}

@inproceedings{hearst2008uis,
  title={UIs for faceted navigation: Recent advances and remaining open problems},
  author={Hearst, Marti A},
  booktitle = {Workshop on Computer Interaction and Information Retrieval, HCIR},
  pages={13--17},
  year={2008},
  organization={Citeseer}
}

@inproceedings{wang2009mining,
  title={Mining broad latent query aspects from search sessions},
  author={Wang, Xuanhui and Chakrabarti, Deepayan and Punera, Kunal},
  booktitle={Proceedings of the 15th ACM SIGKDD international conference on Knowledge discovery and data mining},
  pages={867--876},
  year={2009},
  organization={ACM}
}

@article{wu2011identifying,
  title={Identifying aspects for web-search queries},
  author={Wu, Fei and Madhavan, Jayant and Halevy, Alon},
  journal={Journal of Artificial Intelligence Research},
  pages={677--700},
  year={2011}
}

@inproceedings{song2011overview,
	title={Overview of the {NTCIR}-9 INTENT Task},
	author={Song, R. and Zhang, M. and Sakai, T. and Kato, M.P. and Liu, Y. and Sugimoto, M. and Wang, Q. and Orii, N.},
	booktitle={Proceedings of NTCIR-9 Workshop Meeting},
	pages={82--105},
	year={2011}
}

@inproceedings{sakai2011evaluating,
  title={Evaluating diversified search results using per-intent graded relevance},
  author={Sakai, Tetsuya and Song, Ruihua},
  booktitle={Proceedings of the 34th international ACM SIGIR conference on Research and development in Information Retrieval},
  pages={1043--1052},
  year={2011},
  organization={ACM}
}

@inproceedings{dang2011inferring,
  title={Inferring query aspects from reformulations using clustering},
  author={Dang, Van and Xue, Xiaobing and Croft, W Bruce},
  booktitle={Proceedings of the 20th ACM international conference on Information and knowledge management},
  pages={2117--2120},
  year={2011},
  organization={ACM}
}

@inproceedings{wang2007learn,
  title={Learn from web search logs to organize search results},
  author={Wang, Xuanhui and Zhai, ChengXiang},
  booktitle={Proceedings of the 30th annual international ACM SIGIR conference on Research and development in information retrieval},
  pages={87--94},
  year={2007},
  organization={ACM}
}

@inproceedings{hu2012mining,
  title={Mining query subtopics from search log data},
  author={Hu, Yunhua and Qian, Yanan and Li, Hang and Jiang, Daxin and Pei, Jian and Zheng, Qinghua},
  booktitle={Proceedings of the 35th international ACM SIGIR conference on Research and development in information retrieval},
  pages={305--314},
  year={2012},
  organization={ACM}
}

@inproceedings{xue2011topic,
  title={Topic modeling for named entity queries},
  author={Xue, Xiaobing and Yin, Xiaoxin},
  booktitle={Proceedings of the 20th ACM international conference on Information and knowledge management},
  pages={2009--2012},
  year={2011},
  organization={ACM}
}

@inproceedings{yin2010building,
  title={Building taxonomy of web search intents for name entity queries},
  author={Yin, Xiaoxin and Shah, Sarthak},
  booktitle={Proceedings of the 19th international conference on World wide web},
  pages={1001--1010},
  year={2010},
  organization={ACM}
}

@inproceedings{allan2002using,
  title={Using part-of-speech patterns to reduce query ambiguity},
  author={Allan, James and Raghavan, Hema},
  booktitle={Proceedings of the 25th annual international ACM SIGIR conference on Research and development in information retrieval},
  pages={307--314},
  year={2002},
  organization={ACM}
}

@inproceedings{pacsca2007organizing,
  title={Organizing and searching the world wide web of facts--step two: harnessing the wisdom of the crowds},
  author={Pa{\c{s}}ca, Marius},
  booktitle={Proceedings of the 16th international conference on World Wide Web},
  pages={101--110},
  year={2007},
  organization={ACM}
}

@inproceedings{pacsca2009web,
  title={Web-derived resources for Web Information Retrieval: From conceptual hierarchies to attribute hierarchies},
  author={Pa{\c{s}}ca, Marius and Alfonseca, Enrique},
  booktitle={Proceedings of the 32nd international ACM SIGIR conference on Research and development in information retrieval},
  pages={596--603},
  year={2009},
  organization={ACM}
}
@article{Harris,
  author = {Zellig S. Harris},
  title = {Distributional Structure},
  journal = {WORD},
  volume = {10},
  number = {2-3},
  pages = {146-162},
  year = {1954},
}

@inproceedings{shi2010corpus,
  title={Corpus-based semantic class mining: distributional vs. pattern-based approaches},
  author={Shi, Shuming and Zhang, Huibin and Yuan, Xiaojie and Wen, Ji-Rong},
  booktitle={Proceedings of the 23rd International Conference on Computational Linguistics},
  pages={993--1001},
  year={2010},
  organization={Association for Computational Linguistics}
}

@inproceedings{pantel2002discovering,
  title={Discovering word senses from text},
  author={Pantel, Patrick and Lin, Dekang},
  booktitle={Proceedings of the eighth ACM SIGKDD international conference on Knowledge discovery and data mining},
  pages={613--619},
  year={2002},
  organization={ACM}
}

@inproceedings{pantel2004towards,
  title={Towards terascale knowledge acquisition},
  author={Pantel, Patrick and Ravichandran, Deepak and Hovy, Eduard},
  booktitle={Proceedings of the 20th international conference on Computational Linguistics},
  pages={771},
  year={2004},
  organization={Association for Computational Linguistics}
}

@inproceedings{agirre2009study,
  title={A study on similarity and relatedness using distributional and wordnet-based approaches},
  author={Agirre, Eneko and Alfonseca, Enrique and Hall, Keith and Kravalova, Jana and Pa{\c{s}}ca, Marius and Soroa, Aitor},
  booktitle={Proceedings of Human Language Technologies: The 2009 Annual Conference of the North American Chapter of the Association for Computational Linguistics},
  pages={19--27},
  year={2009},
  organization={Association for Computational Linguistics}
}

@inproceedings{pantel2009web,
  title={Web-scale distributional similarity and entity set expansion},
  author={Pantel, Patrick and Crestan, Eric and Borkovsky, Arkady and Popescu, Ana-Maria and Vyas, Vishnu},
  booktitle={Proceedings of the 2009 Conference on Empirical Methods in Natural Language Processing: Volume 2-Volume 2},
  pages={938--947},
  year={2009},
  organization={Association for Computational Linguistics}
}

@inproceedings{hearst1992automatic,
  title={Automatic acquisition of hyponyms from large text corpora},
  author={Hearst, Marti A},
  booktitle={Proceedings of the 14th conference on Computational linguistics-Volume 2},
  pages={539--545},
  year={1992},
  organization={Association for Computational Linguistics}
}

@inproceedings{pasca2004acquisition,
  title={Acquisition of categorized named entities for web search},
  author={Pasca, Marius},
  booktitle={Proceedings of the thirteenth ACM international conference on Information and knowledge management},
  pages={137--145},
  year={2004},
  organization={ACM}
}
@article{shinzato2007simple,
  title={A Simple WWW-based Method for Semantic Word Class Acquisition},
 author = {Shinzato, Keiji and Torisawa, Kentaro},
  journal={Recent Advances in Natural Language Processing IV: Selected Papers from RANLP 2005},
  volume={292},
  pages={207},
  year={2007},
  publisher={John Benjamins Publishing}
}

@inproceedings{zhang2009employing,
  title={Employing topic models for pattern-based semantic class discovery},
  author={Zhang, Huibin and Zhu, Mingjie and Shi, Shuming and Wen, Ji-Rong},
  booktitle={Proceedings of the Joint Conference of the 47th Annual Meeting of the ACL and the 4th International Joint Conference on Natural Language Processing of the AFNLP: Volume 1-Volume 1},
  pages={459--467},
  year={2009},
  organization={Association for Computational Linguistics}
}

@inproceedings{dang2013term,
  title={Term level search result diversification},
  author={Dang, Van and Croft, Bruce W},
  booktitle={Proceedings of the 36th international ACM SIGIR conference on Research and development in information retrieval},
  pages={603--612},
  year={2013},
  organization={ACM}
}


@article{carpineto2009survey,
  title={A survey of web clustering engines},
  author={Carpineto, Claudio and Osi{\'n}ski, Stanislaw and Romano, Giovanni and Weiss, Dawid},
  journal={ACM Computing Surveys (CSUR)},
  volume={41},
  number={3},
  pages={17},
  year={2009},
}

@inproceedings{lawrie2001finding,
  title={Finding topic words for hierarchical summarization},
  author={Lawrie, Dawn and Croft, W Bruce and Rosenberg, Arnold},
  booktitle={Proceedings of the 24th annual international ACM SIGIR conference on Research and development in information retrieval},
  pages={349--357},
  year={2001},
  organization={ACM}
}

@inproceedings{lawrie2003generating,
  title={Generating hierarchical summaries for web searches},
  author={Lawrie, Dawn J and Croft, W Bruce},
  booktitle={Proceedings of the 26th annual international ACM SIGIR conference on Research and development in informaion retrieval},
  pages={457--458},
  year={2003},
  organization={ACM}
}

@article{nevill1999lexically,
  title={Lexically-generated subject hierarchies for browsing large collections},
  author={Nevill-Manning, Craig G and Witten, Ian H and Paynter, Gordon W},
  journal={International Journal on Digital Libraries},
  volume={2},
  number={2-3},
  pages={111--123},
  year={1999},
  publisher={Springer}
}

@inproceedings{tan2007term,
  title={Term feedback for information retrieval with language models},
  author={Tan, Bin and Velivelli, Atulya and Fang, Hui and Zhai, ChengXiang},
  booktitle={Proceedings of the 30th annual international ACM SIGIR conference on Research and development in information retrieval},
  pages={263--270},
  year={2007},
  organization={ACM}
}

@incollection{rocchio71relevance,
  author = {Rocchio, J. J.},
  title = {Relevance feedback in information retrieval},
  booktitle = {The Smart retrieval system - experiments in automatic document processing},
  editor = {Salton, G.},
  pages = {313--323},
  publisher = {Englewood Cliffs, NJ: Prentice-Hall},
  year={1971}
}

@article{buckley1995automatic,
  title={Automatic query expansion using SMART: {TREC} 3},
  author={Buckley, Chris and Salton, Gerard and Allan, James and Singhal, Amit},
  journal={NIST special publication},
  pages={69--69},
  year={1995},
  publisher={NATIONAL INSTIUTE OF STANDARDS \& TECHNOLOGY}
}

@article{robertson1995okapi,
  title={Okapi at {TREC}-3},
  author={Robertson, Stephen E and Walker, Steve and Jones, Susan and Hancock-Beaulieu, Micheline M and Gatford, Mike and others},
  journal={NIST SPECIAL PUBLICATION SP},
  volume={109},
  pages={109},
  year={1995},
  publisher={NATIONAL INSTIUTE OF STANDARDS \& TECHNOLOGY}
}

@inproceedings{allan1995relevance,
  title={Relevance feedback with too much data},
  author={Allan, James},
  booktitle={Proceedings of the 18th annual international ACM SIGIR conference on Research and development in information retrieval},
  pages={337--343},
  year={1995},
  organization={ACM}
}

@inproceedings{xu1996query,
  title={Query expansion using local and global document analysis},
  author={Xu, Jinxi and Croft, W Bruce},
  booktitle={Proceedings of the 19th annual international ACM SIGIR conference on Research and development in information retrieval},
  pages={4--11},
  year={1996},
  organization={ACM}
}

@inproceedings{koenemann1996case,
  title={A case for interaction: a study of interactive information retrieval behavior and effectiveness},
  author={Koenemann, J{\"u}rgen and Belkin, Nicholas J},
  booktitle={Proceedings of the SIGCHI conference on human factors in computing systems},
  pages={205--212},
  year={1996},
  organization={ACM}
}

@inproceedings{tan2007term,
  title={Term feedback for information retrieval with language models},
  author={Tan, Bin and Velivelli, Atulya and Fang, Hui and Zhai, ChengXiang},
  booktitle={Proceedings of the 30th annual international ACM SIGIR conference on Research and development in information retrieval},
  pages={263--270},
  year={2007},
  organization={ACM}
}

@inproceedings{klein2003accurate,
  title={Accurate unlexicalized parsing},
  author={Klein, Dan and Manning, Christopher D},
  booktitle={Proceedings of the 41st Annual Meeting on Association for Computational Linguistics-Volume 1},
  pages={423--430},
  year={2003},
  organization={Association for Computational Linguistics}
}

@article{heyer1999exploring,
  title={Exploring expression data: identification and analysis of coexpressed genes},
  author={Heyer, L.J. and Kruglyak, S. and Yooseph, S.},
  journal={Genome research},
  volume={9},
  number={11},
  pages={1106--1115},
  year={1999},
  publisher={Cold Spring Harbor Lab}
}

@inproceedings{metzler2005markov,
  title={A Markov random field model for term dependencies},
  author={Metzler, Donald and Croft, W Bruce},
  booktitle={Proceedings of the 28th annual international ACM SIGIR conference on Research and development in information retrieval},
  pages={472--479},
  year={2005},
  organization={ACM}
}

@inproceedings{jain2010organizing,
  title={Organizing query completions for web search},
  author={Jain, Alpa and Mishne, Gilad},
  booktitle={Proceedings of the 19th ACM international conference on Information and knowledge management},
  pages={1169--1178},
  year={2010},
  organization={ACM}
}

@article{cormack2011efficient,
  title={Efficient and effective spam filtering and re-ranking for large web datasets},
  author={Cormack, Gordon V and Smucker, Mark D and Clarke, Charles LA},
  journal={Information retrieval},
  volume={14},
  number={5},
  pages={441--465},
  year={2011},
  publisher={Springer}
}

@inproceedings{krovetz1993viewing,
  title={Viewing morphology as an inference process},
  author={Krovetz, Robert},
  booktitle={Proceedings of the 16th annual international ACM SIGIR conference on Research and development in information retrieval},
  pages={191--202},
  year={1993},
  organization={ACM}
}

@inproceedings{santos2010exploiting,
  title={Exploiting query reformulations for web search result diversification},
  author={Santos, Rodrygo LT and Macdonald, Craig and Ounis, Iadh},
  booktitle={Proceedings of the 19th international conference on World wide web},
  pages={881--890},
  year={2010},
  organization={ACM}
}

@inproceedings{clarke2008novelty,
  title={Novelty and diversity in information retrieval evaluation},
  author={Clarke, Charles LA and Kolla, Maheedhar and Cormack, Gordon V and Vechtomova, Olga and Ashkan, Azin and B{\"u}ttcher, Stefan and MacKinnon, Ian},
  booktitle={Proceedings of the 31st annual international ACM SIGIR conference on Research and development in information retrieval},
  pages={659--666},
  year={2008},
  organization={ACM}
}

@techreport{abdul2004umass,
  title={U{M}ass at {TREC} 2004: Novelty and HARD},
  author={Abdul-Jaleel, Nasreen and Allan, James and Croft, W Bruce and Diaz, Fernando and Larkey, Leah and Li, Xiaoyan and Smucker, Mark D and Wade, Courtney},
  year={2004},
  institution={DTIC Document}
}

@techreport{clarke2009overview,
  title={Overview of the {TREC} 2009 web track},
  author={Clarke, Charles L and Craswell, Nick and Soboroff, Ian},
  year={2009},
  institution={DTIC Document}
}

@techreport{clarke2010overview,
  title={Overview of the {TREC} 2010 web track},
  author={Clarke, Charles L and Craswell, Nick and Soboroff, Ian and Cormack, Gordon V},
  year={2009},
  institution={DTIC Document}
}

@techreport{clarke2011overview,
  title={Overview of the {TREC} 2011 web track},
  author={Clarke, Charles L and Craswell, Nick and Soboroff, Ian and Voorhees, Ellen M},
  year={2009},
  institution={DTIC Document}
}

@techreport{clarke2012overview,
  title={Overview of the {TREC} 2012 web track},
  author={Clarke, Charles L and Craswell, Nick and Voorhees, Ellen M},
  year={2009},
  institution={DTIC Document}
}

@book{pearl1988probabilistic,
	author = {Pearl, Judea},
	title = {Probabilistic reasoning in intelligent systems: networks of plausible inference},
	year = {1988},
	isbn = {0-934613-73-7},
}

@inproceedings{lafferty2001conditional,
	author = {Lafferty, John D. and McCallum, Andrew and Pereira, Fernando C. N.},
	title = {Conditional Random Fields: Probabilistic Models for Segmenting and Labeling Sequence Data},
	booktitle = {Proceedings of ICML '01},
	year = {2001},
	isbn = {1-55860-778-1},
	pages = {282--289},
	numpages = {8},
	url = {http://dl.acm.org/citation.cfm?id=645530.655813},
	acmid = {655813},
}

@inproceedings{bansal2002correlation,
	author = {Nikhil Bansal and Avrim Blum and Shuchi Chawla},
	title = {Correlation Clustering},
	booktitle = {MACHINE LEARNING},
	year = {2002},
	pages = {238--247},
	publisher = {}
}
@inproceedings{carbonell1998use,
  title={The use of MMR, diversity-based reranking for reordering documents and producing summaries},
  author={Carbonell, Jaime and Goldstein, Jade},
  booktitle={Proceedings of the 21st annual international ACM SIGIR conference on Research and development in information retrieval},
  pages={335--336},
  year={1998},
  organization={ACM}
}
@inproceedings{agrawal2009diversifying,
  title={Diversifying search results},
  author={Agrawal, Rakesh and Gollapudi, Sreenivas and Halverson, Alan and Ieong, Samuel},
  booktitle={Proceedings of the Second ACM International Conference on Web Search and Data Mining},
  pages={5--14},
  year={2009},
  organization={ACM}
}
@ARTICLE{salton90improvingretrieval,
    author = {Gerard Salton and Chris Buckley},
    title = {Improving retrieval performance by relevance feedback},
    journal = {Journal of the American Society for Information Science},
    year = {1990},
    volume = {41},
    pages = {288--297}
}
